% Template
@article{
title = "",
author = "", 
journal = "",
year = 2019,
volume = 00,
number = ,
pages = "",
doi = "",
keywords = "",
qualityassured = "yes",
manuscript = "mgwg:time-varying",
}

@article{nielsen2014fishres,
title = "Estimation of time-varying selectivity in stock assessments using state-space models",
author = "Nielsen, A. and Berg, C.W.",
journal = "Fisheries Research",
year = 2014,
volume = 158,
number = "",
pages = "96-101",
doi = "10.1016/j.fishres.2014.01.014",
keywords = "Stock assessment",
keywords = "Selectivity",
keywords = "State-space models",
keywords = "Catch-at-age analysis",
qualityassured = "yes",
manuscript = "mgwg:state-space",
manuscript = "mgwg:time-varying",
}

@article{thorson2015icesjmsrandom,
title = "Random effect estimation of time-varying factors in {S}tock {S}ynthesis",
author = "J.T. Thorson and A.C. Hicks and R.D. Methot",
journal = "{ICES} Journal of Marine Science",
year = 2015,
volume = 72,
number = 1,
pages = "178-185",
qualityassured = "yes",
doi = "10.1093/icesjms/fst211",
manuscript = "mgwg:time-varying"
}

@article{xu2019cjfas,
title = "A new semi-parametric method for autocorrelated age- and time-varying selectivity in age-structured assessment models",
author = "K. Xu and J.T. Thorson and R.D. Methot and I.G. Taylor", 
journal = "Canadian Journal of Fisheries and Aquatic Sciences",
year = 2019,
volume = 76,
number = 2,
pages = "268-285",
doi = "10.1139/cjfas-2017-0446",
keywords = "selectivity",
keywords = "stock assessment",
keywords = "Stock Synthesis",
keywords = "time varying",
qualityassured = "yes",
manuscript = "mgwg:time-varying",
}
